
@book{eberlein_mathematical_2019,
  series = {Springer {Finance}},
  title = {Mathematical {Finance}},
  isbn = {978-3-030-26105-4 978-3-030-26106-1},
  url = {http://link.springer.com/10.1007/978-3-030-26106-1},
  language = {en},
  urldate = {2022-03-12},
  publisher = {Springer International Publishing},
  author = {Eberlein, Ernst and Kallsen, Jan},
  year = {2019},
  file = {Eberlein and Kallsen - 2019 - Mathematical Finance.pdf:files/2/Eberlein and Kallsen - 2019 - Mathematical Finance.pdf:application/pdf},
}

@book{jarrow_continuous-time_2021,
  series = {Springer {Finance}},
  title = {Continuous-{Time} {Asset} {Pricing} {Theory}: {A} {Martingale}-{Based} {Approach}},
  isbn = {978-3-030-74409-0 978-3-030-74410-6},
  shorttitle = {Continuous-{Time} {Asset} {Pricing} {Theory}},
  url = {https://link.springer.com/10.1007/978-3-030-74410-6},
  language = {en},
  urldate = {2022-03-12},
  publisher = {Springer International Publishing},
  author = {Jarrow, Robert A.},
  year = {2021},
  file = {Jarrow - 2021 - Continuous-Time Asset Pricing Theory A Martingale.pdf:files/4/Jarrow - 2021 - Continuous-Time Asset Pricing Theory A Martingale.pdf:application/pdf},
}

@book{shreve_stochastic_2008,
  address = {New York, NY},
  series = {Springer finance textbook},
  title = {Stochastic {Calculus} for {Finance} {II}: {Continuous}-time models},
  isbn = {978-0-387-40101-0},
  shorttitle = {Stochastic calculus for finance. 2},
  url = {https://link.springer.com/book/9780387401010},
  language = {en},
  publisher = {Springer},
  author = {Shreve, Steven E.},
  year = {2008},
  file = {2008 - Stochastic calculus for finance. 2 Continuous-tim.pdf:files/6/2008 - Stochastic calculus for finance. 2 Continuous-tim.pdf:application/pdf},
}

@book{chiarella_derivative_2015,
  address = {Berlin, Heidelberg},
  series = {Dynamic {Modeling} and {Econometrics} in {Economics} and {Finance}},
  title = {Derivative {Security} {Pricing}},
  volume = {21},
  isbn = {978-3-662-45905-8 978-3-662-45906-5},
  url = {http://link.springer.com/10.1007/978-3-662-45906-5},
  language = {en},
  urldate = {2022-04-29},
  publisher = {Springer Berlin Heidelberg},
  author = {Chiarella, Carl and He, Xue-Zhong and Sklibosios Nikitopoulos, Christina},
  year = {2015},
  file = {Chiarella et al. - 2015 - Derivative Security Pricing.pdf:files/12/Chiarella et al. - 2015 - Derivative Security Pricing.pdf:application/pdf},
}

@article{mandel_understanding_nodate,
  title = {Understanding {Market} {Price} of {Risk}},
  url = {https://www.math.fsu.edu/~dmandel/Primers/Understanding%20Market%20Price%20of%20Risk.pdf},
  language = {en},
  author = {Mandel, David},
  file = {Mandel - Understanding Market Price of Risk.pdf:files/14/Mandel - Understanding Market Price of Risk.pdf:application/pdf},
}

@article{whitt_ieor_nodate,
  series = {Class {Lecture} {Notes}},
  title = {{IEOR} 4701: {Stochastic} {Models} in {FE}},
  url = {http://www.columbia.edu/~ww2040/4701Sum07/lec0711.pdf},
  language = {en},
  author = {Whitt, Professor},
  file = {Whitt - IEOR 4701 Stochastic Models in FE.pdf:files/16/Whitt - IEOR 4701 Stochastic Models in FE.pdf:application/pdf},
}

@book{bingham_risk-neutral_2004,
  title = {Risk-{Neutral} {Valuation}: {Pricing} and {Hedging} of {Financial} {Derivatives}},
  isbn = {978-1-4471-3856-3 978-1-84996-873-7},
  shorttitle = {Risk-{Neutral} {Valuation}},
  url = {https://doi.org/10.1007/978-1-4471-3856-3},
  language = {en},
  author = {Bingham, Nicholas H and Kiesel, RÃ¼diger},
  year = {2004},
  file = {Bingham and Kiesel - 2004 - Risk-Neutral Valuation Pricing and Hedging of Fin.pdf:files/18/Bingham and Kiesel - 2004 - Risk-Neutral Valuation Pricing and Hedging of Fin.pdf:application/pdf},
}

@article{merton_option_1976,
  title = {Option pricing when underlying stock returns are discontinuous},
  volume = {3},
  issn = {0304405X},
  url = {https://linkinghub.elsevier.com/retrieve/pii/0304405X76900222},
  language = {en},
  number = {1-2},
  urldate = {2022-05-12},
  journal = {Journal of Financial Economics},
  author = {Merton, Robert C.},
  month = jan,
  year = {1976},
  pages = {125--144},
  file = {Merton - 1976 - Option pricing when underlying stock returns are d.pdf:files/20/Merton - 1976 - Option pricing when underlying stock returns are d.pdf:application/pdf},
}
